@article{orlovsky1978decision,
  title={Decision-making with a fuzzy preference relation},
  author={Orlovsky, SA},
  journal={Fuzzy sets and systems},
  pages={155-167},
  year={1978},
  publisher={Elsevier}
}

@inproceedings{abs/adt15DC/liuT,
  author = {Xudong Liu},
  booktitle = {Proceedings of the 4th International Conference on Algorithmic Decision Theory (ADT)},
  publisher = {Springer},
  title = {Modeling, Learning and Reasoning with Qualitative Preferences},
  pages = {587-592},
  year = 2015
}
@inproceedings{conf/adt15/liuT,
  author = {Xudong Liu and Miroslaw Truszczynski},
  booktitle = {Proceedings of the 4th International Conference on Algorithmic Decision Theory (ADT)},
  publisher = {Springer},
  title = {Reasoning with Preference Trees over Combinatorial Domains},
  pages = {19-34},
  year = 2015
}

@inproceedings{conf/aaai15/LiuT,
  author = {Xudong Liu and Miroslaw Truszczynski},
  booktitle = {Proceedings of the 29th AAAI Conference on Artificial Intelligence (AAAI)},
  publisher = {AAAI Press},
  title = {Learning Partial Lexicographic Preference Trees over Combinatorial Domains},
  pages = {1539-1545},
  year = 2015
}

@inproceedings{wsh/mpref14/LiuT,
  author = {Xudong Liu and Miroslaw Truszczynski},
  booktitle = {Proceedings of the 8th Multidisciplinary Workshop on Advances in Preference Handling (MPREF)},
  publisher = {AAAI Press},
  pages = {55-60},
  title = {Preference Trees: A Language for Representing and Reasoning about Qualitative Preferences},
  year = 2014
}

@inproceedings{conf/adt13/LiuT,
  author = {Xudong Liu and Miroslaw Truszczynski},
  booktitle = {Proceedings of the 3rd International Conference on Algorithmic Decision Theory (ADT)},
  pages = {244-258},
  publisher = {Springer},
  title = {Aggregating Conditionally Lexicographic Preferences Using Answer Set Programming Solvers},
  year = 2013
}

@inproceedings{conf/adt13/Spradling,
  author = {Matthew Spradling and Judy Goldsmith and Xudong Liu and Chandrima Dadi and Zhiyu Li},
  booktitle = {Proceedings of the 3rd International Conference on Algorithmic Decision Theory (ADT)},
  pages = {351-362},
  publisher = {Springer},
  title = {Roles and Teams Hedonic Game},
  year = 2013
}

@inproceedings{abs/ijcai13dc/Liu,
  author = {Xudong Liu},
  booktitle = {The 23rd International Joint Conference on Artificial Intelligence Doctoral Consortium, (IJCAI-DC)},
  title = {Aggregating Lexicographic Preference Trees Using Answer Set Programming: Extended Abstract},
  year = 2013
}

@inproceedings{abs/parc/Liu,
  author = {Xudong Liu},
  booktitle = {PARC Symposium},
  title = {On Personalizability and Extensibility of Multi-Modal Trip Planning},
  year = 2015
}

@ARTICLE{bbdh03,
  author = "C. Boutilier and R. Brafman and C. Domshlak and H. Hoos and
  D. Poole",
  title = "C{P}-nets: A Tool for Representing and Reasoning with
           Conditional Ceteris Paribus Preference Statements",
  journal = "Journal of Artificial Intelligence Research",
  volume = 21,
  pages = "135--191 ",
  year = "2004",
  }

@inproceedings{booth:learningLP,
  author    = {Richard Booth and
               Yann Chevaleyre and
               J{\'e}r{\^o}me Lang and
               J{\'e}r{\^o}me Mengin and
               Chattrakul Sombattheera},
  title     = {Learning conditionally lexicographic preference relations},
  booktitle = {ECAI},
  year      = {2010},
  pages     = {269-274},
  ee        = {http://www.booksonline.iospress.nl/Content/View.aspx?piid=17755},
  bibsource = {DBLP, http://dblp.uni-trier.de}
}

@inproceedings{lang:aggLP,
  author    = {J{\'e}r{\^o}me Lang and
               J{\'e}r{\^o}me Mengin and
               Lirong Xia},
  title     = {Aggregating Conditionally Lexicographic Preferences on Multi-issue
               Domains},
  booktitle = {CP},
  year      = {2012},
  pages     = {973-987},
  ee        = {http://dx.doi.org/10.1007/978-3-642-33558-7_69},
  bibsource = {DBLP, http://dblp.uni-trier.de}
}

@inproceedings{Brewka:ASO,
  author    = {Gerhard Brewka and
               Ilkka Niemel{\"a} and
               Miroslaw Truszczynski},
  title     = {Answer Set Optimization},
  booktitle = {IJCAI},
  year      = {2003},
  pages     = {867-872},
  bibsource = {DBLP, http://dblp.uni-trier.de}
}

@Article{Gebser:clingo,
  author =	 "M. Gebser and R. Kaminski and B. Kaufmann and M. Ostrowski
                  and T. Schaub and M. Schneider",
  title =	 "Potassco: The {P}otsdam Answer Set Solving Collection",
  journal =	 "AI Communications",
  year =	 2011
}

@INCOLLECTION{mt99:stable,
  AUTHOR    = {V.W. Marek and M. Truszczynski},
  TITLE     = {Stable models and an alternative logic programming paradigm},
  BOOKTITLE = {The Logic Programming Paradigm: a 25-Year Perspective},
  EDITOR    = {K.R. Apt and V.W. Marek and M. Truszczynski and D.S. Warren},
  PUBLISHER = {Springer},
  address   = {Berlin},
  YEAR      = {1999},
  PAGES     = {375--398}
}

@inproceedings{DuboisLP91,
  author    = {Didier Dubois and
               J{\'e}r{\^o}me Lang and
               Henri Prade},
  title     = {A Brief Overview of Possibilistic Logic},
  booktitle = {ECSQARU},
  year      = {1991},
  pages     = {53-57}
}

@article{fraser1994,
  title={Ordinal preference representations},
  author={Fraser, Niall M},
  journal={Theory and Decision},
  volume={36},
  number={1},
  pages={45--67},
  year={1994},
  publisher={Springer}
}

@article{Ostrowski:clingcon,
  author    = {Max Ostrowski and
               Torsten Schaub},
  title     = {A{SP} modulo {CSP}: The clingcon system},
  journal   = {TPLP},
  volume    = {12},
  number    = {4-5},
  year      = {2012},
  pages     = {485-503},
  ee        = {http://journals.cambridge.org/action/displayAbstract?aid=8688158},
  bibsource = {DBLP, http://dblp.uni-trier.de}
}

@article{sanchez2008max,
  title={Max-CSP competition 2008: toulbar2 solver description},
  author={Sanchez, M and Bouveret, S and De Givry, S and Heras, F and J{\'e}gou, P and Larrosa, J and Ndiaye, S and Rollon, E and Schiex, T and Terrioux, C and others},
  journal={the Third International CSP Solver Competition},
  year={2008}
}

@book{pinkas1991propositional,
  title={Propositional non-monotonic reasoning and inconsistency in symmetric neural networks},
  author={Pinkas, Gadi},
  year={1991},
  publisher={Washington University, Department of Computer Science}
}

@article{brauning2012learning,
  title={Learning Conditional Lexicographic Preference Trees},
  author={Br{\"a}uning, Michael and Eyke, H},
  journal={Preference learning: problems and applications in AI},
  year={2012}
}

@article{adomavicius2005toward,
  title={Toward the next generation of recommender systems: A survey of the state-of-the-art and possible extensions},
  author={Adomavicius, Gediminas and Tuzhilin, Alexander},
  journal={Knowledge and Data Engineering, IEEE Transactions on},
  volume={17},
  number={6},
  pages={734--749},
  year={2005},
  publisher={IEEE}
}

@book{furnkranz2010preference,
  title={Preference learning},
  author={F{\"u}rnkranz, Johannes and H{\"u}llermeier, Eyke},
  year={2010},
  publisher={Springer}
}

@article{brandt2012computational,
  title={Computational social choice},
  author={Brandt, Felix and Conitzer, Vincent and Endriss, Ulle},
  journal={Multiagent systems},
  pages={213--283},
  year={2012},
  publisher={MIT Press}
}
